@online{biblatex,
	author = {Lehman, Philipp},
	title = {The biblatex Package: Programmable Bibliographies and Citations (Version 1.7)},
	type = {M/OL},
	date = {2011-11-13},
	url = {http://sourceforge.net/projects/biblatex/},
}

@report{gbt7714-2005,
	author = {中华人民共和国国家质量监督检验检疫总局 and 中国标准化管理委员会},
	title = {GB/T 7714--2005 文后参考文献著录规则},
	type = {S},
	date = {2005-03-23},
	addendum = {（可见清华大学图书馆网页上的电子版：\url{http://lib.tsinghua.edu.cn/service/paperwriting.html}。）},
	userf = {zh},
}

@book{1-1,
	author = {余敏},
	title = {出版集团研究},
	type = {M},
	location = {北京},
	publisher = {中国书籍出版社},
	year = {2001},
	pages = {179-193},
	userf = {zh},
}

@book{1-2,
	author = {昂温, G. and 昂温, P. S.},
	title = {外国出版史},
	translator = {陈生铮},
	type = {M},
	location = {北京},
	publisher = {中国书籍出版社},
	year = {1988},
	userf = {zh},
}

@report{1-3,
	author = {全国文献工作标准化技术委员会第七分委员会},
	title = {GB/T 5795--1986 中国标准书号},
	type = {S},
	location = {北京},
	publisher = {中国标准出版社},
	year = {1986},
	userf = {zh},
}

