@Online{biblatex,
 sorttitle  = {biblatex package},
 author     = {Lehman, Philipp},
 title      = {\texttt{The biblatex package}},
 subtitle   = {{Programmable} bibliographies and citations},
 version    = {0.8e},
 date       = {2009-07-04},
 url        = {http://mirror.ctan.org/macros/latex/exptl/biblatex/doc/biblatex.pdf},
 urldate    = {2009-11-12},
 annotation = {The official \texttt{biblatex} documentation.}}
